@BOOK{stephenson2008,
        author = "Neal Stephenson",
        title = "Anathem",
        year = "2008",
        publisher = "HarperCollins",
        ISBN = "978-0-06-147409-5",
}

@BOOK{taruskin2010,
        author = "Richard Taruskin",
        title = "Music from the Earliest Notation to the Sixteenth Century",
        year = "2010",
        publisher = "Oxford University Press",
        ISBN = "978-0-19-538481-9",
}
